<record><leader>00000cas a2200000 a 4500</leader><controlfield tag="001">2266175</controlfield><controlfield tag="008">760620d187u1923paudr ne      0    0eng d</controlfield><datafield ind1=" " ind2=" " tag="010"><subfield code="a">sn 83045345 </subfield></datafield><datafield ind1=" " ind2=" " tag="040"><subfield code="a">PIT</subfield><subfield code="b">eng</subfield><subfield code="c">PIT</subfield><subfield code="d">NPW</subfield><subfield code="d">NPY</subfield><subfield code="d">NPH</subfield><subfield code="d">DLC</subfield><subfield code="d">NPH</subfield><subfield code="d">ONP</subfield><subfield code="d">KNP</subfield><subfield code="d">OCL</subfield><subfield code="d">OCLCQ</subfield><subfield code="d">CRL</subfield><subfield code="d">DLC</subfield><subfield code="d">OCLCQ</subfield><subfield code="d">OCLCF</subfield></datafield><datafield ind1=" " ind2=" " tag="042"><subfield code="a">msc</subfield></datafield><datafield ind1=" " ind2=" " tag="043"><subfield code="a">n-us-pa</subfield></datafield><datafield ind1="0" ind2="0" tag="050"><subfield code="a">Newspaper</subfield></datafield><datafield ind1="0" ind2=" " tag="130"><subfield code="a">Pittsburgh leader (Pittsburgh, Pa. : Daily)</subfield></datafield><datafield ind1="1" ind2="0" tag="245"><subfield code="a">Pittsburgh leader.</subfield></datafield><datafield ind1="1" ind2="3" tag="246"><subfield code="a">Pittsburg leader</subfield></datafield><datafield ind1="1" ind2="3" tag="246"><subfield code="a">Pittsburgh Sunday leader</subfield></datafield><datafield ind1=" " ind2=" " tag="260"><subfield code="a">Pittsburgh, Pa. :</subfield><subfield code="b">[s.n.],</subfield><subfield code="c">-1923.</subfield></datafield><datafield ind1=" " ind2=" " tag="300"><subfield code="a">v. :</subfield><subfield code="b">ill. (chiefly advertisements) ;</subfield><subfield code="c">56-61 cm.</subfield></datafield><datafield ind1=" " ind2=" " tag="310"><subfield code="a">Daily,</subfield><subfield code="b">&lt;1875-1923&gt;</subfield></datafield><datafield ind1=" " ind2=" " tag="321"><subfield code="a">Daily (except Sunday),</subfield><subfield code="b">&lt;1877-1889&gt;</subfield></datafield><datafield ind1="0" ind2=" " tag="362"><subfield code="a">-Feb. 14, 1923.</subfield></datafield><datafield ind1=" " ind2=" " tag="500"><subfield code="a">Publisher: Leader Pub. Co., &lt;1899&gt;.</subfield></datafield><datafield ind1=" " ind2=" " tag="500"><subfield code="a">Published as: Pittsburg leader, &lt;1877-Jan. 7, 1914&gt;</subfield></datafield><datafield ind1=" " ind2=" " tag="580"><subfield code="a">Sunday issues called: Pittsburgh Sunday leader, &lt;1916-1923&gt;.</subfield></datafield><datafield ind1=" " ind2=" " tag="580"><subfield code="a">Sunday ed.: Pittsburgh leader (Pittsburgh, Pa. : Weekly), 1877-1889&gt;.</subfield></datafield><datafield ind1=" " ind2=" " tag="588"><subfield code="a">Description based on: Vol. 22, no. 26 (Dec. 19, 1875).</subfield></datafield><datafield ind1=" " ind2="0" tag="651"><subfield code="a">Pittsburgh (Pa.)</subfield><subfield code="v">Newspapers.</subfield></datafield><datafield ind1=" " ind2="7" tag="655"><subfield code="a">Newspapers.</subfield><subfield code="2">fast</subfield><subfield code="0">(OCoLC)fst01423814</subfield></datafield><datafield ind1=" " ind2="7" tag="651"><subfield code="a">Pennsylvania</subfield><subfield code="z">Pittsburgh.</subfield><subfield code="2">fast</subfield><subfield code="0">(OCoLC)fst01205171</subfield></datafield><datafield ind1=" " ind2=" " tag="752"><subfield code="a">United States</subfield><subfield code="b">Pennsylvania</subfield><subfield code="c">Allegheny</subfield><subfield code="d">Pittsburgh.</subfield></datafield><datafield ind1="0" ind2=" " tag="775"><subfield code="t">Pittsburgh leader (Pittsburgh, Pa. : Weekly)</subfield><subfield code="w">(DLC)sn 84026244</subfield><subfield code="w">(OCoLC)10387160</subfield></datafield><datafield ind1="0" ind2=" " tag="775"><subfield code="t">Pittsburgh leader (Pittsburgh, Pa. : Daily : Mahoning and Sheango Valley ed.)</subfield><subfield code="w">(DLC)sn 89077798</subfield><subfield code="w">(OCoLC)19526975</subfield></datafield><datafield ind1="0" ind2="0" tag="780"><subfield code="t">Evening leader (Pittsburgh, Pa.)</subfield><subfield code="w">(DLC)sn 84026243</subfield><subfield code="w">(OCoLC)10387308</subfield></datafield></record>